<?xml version="1.0" encoding="UTF-8"?>
<collection xmlns:xsi="http://www.w3.org/2001/XMLSchema-instance" xsi:schemaLocation="http://www.loc.gov/MARC21/slim http://www.loc.gov/standards/marcxml/schema/MARC21slim.xsd" xmlns="http://www.loc.gov/MARC21/slim">
<record>
  <leader>00757cam a2200217 a 4500</leader>
  <controlfield tag="001">2686047</controlfield>
  <controlfield tag="003">NNC</controlfield>
  <controlfield tag="005">20150920222900.0</controlfield>
  <controlfield tag="008">850221m19511953ua       s   f000 0 arard</controlfield>
  <datafield tag="035" ind1=" " ind2=" ">
    <subfield code="a">(OCoLC)ocm11715956</subfield>
  </datafield>
  <datafield tag="035" ind1=" " ind2=" ">
    <subfield code="9">ARD5659CU</subfield>
  </datafield>
  <datafield tag="035" ind1=" " ind2=" ">
    <subfield code="a">(NNC)2686047</subfield>
  </datafield>
  <datafield tag="040" ind1=" " ind2=" ">
    <subfield code="a">CBU</subfield>
    <subfield code="c">CBU</subfield>
    <subfield code="d">IXA</subfield>
    <subfield code="d">ZCU</subfield>
  </datafield>
  <datafield tag="043" ind1=" " ind2=" ">
    <subfield code="a">f-ua---</subfield>
  </datafield>
  <datafield tag="099" ind1=" " ind2=" ">
    <subfield code="a">962</subfield>
    <subfield code="a">Eg9896</subfield>
  </datafield>
  <datafield tag="245" ind1="0" ind2="0">
    <subfield code="a">Taʻdād sukkān al-Mamlakah al-Miṣrīyah li-sanat 1947 /</subfield>
    <subfield code="c">al-Mamlakah al-Miṣrīyah, Wizārat al-Iqtiṣād al-Waṭanī, Maṣlaḥat al-Iḥṣāʾ wa-al-Taʻdād.</subfield>
  </datafield>
  <datafield tag="260" ind1=" " ind2=" ">
    <subfield code="a">al-Qāhirah :</subfield>
    <subfield code="b">al-Maṭbaʻah al-Amīrīyah,</subfield>
    <subfield code="c">1951-1953.</subfield>
  </datafield>
  <datafield tag="300" ind1=" " ind2=" ">
    <subfield code="a">v. ;</subfield>
    <subfield code="c">32 cm.</subfield>
  </datafield>
  <datafield tag="651" ind1=" " ind2="0">
    <subfield code="a">Egypt</subfield>
    <subfield code="v">Census, 1947.</subfield>
  </datafield>
  <datafield tag="710" ind1="1" ind2=" ">
    <subfield code="a">Egypt.</subfield>
    <subfield code="b">Maṣlaḥat al-Iḥṣāʼ wa-al-Taʻdād.</subfield>
  </datafield>
  <datafield tag="955" ind1=" " ind2=" ">
    <subfield code="b">0026812282</subfield>
    <subfield code="d">glx</subfield>
    <subfield code="e">962 Eg9896</subfield>
    <subfield code="v">v.1:1</subfield>
  </datafield>
</record>
</collection>